% Bibliography for XLSINDy paper
% Add your references here

@article{brunton2016discovering,
  title={Discovering governing equations from data by sparse identification of nonlinear dynamical systems},
  author={Brunton, Steven L and Proctor, Joshua L and Kutz, J Nathan},
  journal={Proceedings of the National Academy of Sciences},
  volume={113},
  number={15},
  pages={3932--3937},
  year={2016},
  publisher={National Academy of Sciences}
}

@misc{methods,
  title={Supplementary Materials},
  note={See Materials and Methods section}
}

@misc{xlsindy_code,
  title={XLSINDy: Simultaneous Lagrangian and Newtonian Identification Software},
  author={Your Name},
  year={2025},
  howpublished={\url{https://github.com/Eymeric65/py-xl-sindy-data-visualisation}},
  note={Software implementation and analysis scripts}
}

@misc{xlsindy_data,
  title={XLSINDy Benchmark Datasets},
  author={Your Name},
  year={2025},
  howpublished={DOI: [to be filled]},
  note={Complete simulation datasets and results}
}

% Add more references as needed:
% - Original SINDy papers
% - System identification literature  
% - Lagrangian mechanics references
% - Sparse regression methods
% - Benchmark mechanical systems papers